<record><leader>00000cas a2200000 i 4500</leader><controlfield tag="001">50189053</controlfield><controlfield tag="006">swr nso     0    0</controlfield><controlfield tag="007">cr cn|||||||||</controlfield><controlfield tag="008">020717c19939999txuwr neo     0    0eng c</controlfield><datafield ind1=" " ind2=" " tag="010"><subfield code="a">  2015238482</subfield></datafield><datafield ind1=" " ind2=" " tag="040"><subfield code="a">OUN</subfield><subfield code="b">eng</subfield><subfield code="e">rda</subfield><subfield code="c">OUN</subfield><subfield code="d">OCLCQ</subfield><subfield code="d">OCLCF</subfield><subfield code="d">OCLCO</subfield><subfield code="d">IUL</subfield><subfield code="d">HTM</subfield><subfield code="d">COO</subfield></datafield><datafield ind1=" " ind2=" " tag="019"><subfield code="a">50263701</subfield><subfield code="a">664578130</subfield><subfield code="a">719729654</subfield><subfield code="a">769590710</subfield><subfield code="a">839736738</subfield><subfield code="a">891087174</subfield></datafield><datafield ind1=" " ind2=" " tag="042"><subfield code="a">pcc</subfield></datafield><datafield ind1=" " ind2=" " tag="043"><subfield code="a">n-us-tx</subfield></datafield><datafield ind1="1" ind2="4" tag="050"><subfield code="a">PN4784.F74</subfield><subfield code="b">H68</subfield></datafield><datafield ind1="0" ind2=" " tag="130"><subfield code="a">Houston press (Houston, Tex. : 1993 : Online)</subfield></datafield><datafield ind1="1" ind2="0" tag="245"><subfield code="a">Houston press.</subfield></datafield><datafield ind1="3" ind2=" " tag="246"><subfield code="a">Houstonpress.com</subfield></datafield><datafield ind1=" " ind2="1" tag="264"><subfield code="a">Houston, TX :</subfield><subfield code="b">Houston Press Co.</subfield></datafield><datafield ind1=" " ind2=" " tag="300"><subfield code="a">online resource :</subfield><subfield code="b">illustrations, some color</subfield></datafield><datafield ind1=" " ind2=" " tag="310"><subfield code="a">Weekly</subfield></datafield><datafield ind1=" " ind2=" " tag="336"><subfield code="a">text</subfield><subfield code="b">txt</subfield><subfield code="2">rdacontent</subfield></datafield><datafield ind1=" " ind2=" " tag="337"><subfield code="a">computer</subfield><subfield code="b">c</subfield><subfield code="2">rdamedia</subfield></datafield><datafield ind1=" " ind2=" " tag="338"><subfield code="a">online resource</subfield><subfield code="b">cr</subfield><subfield code="2">rdacarrier</subfield></datafield><datafield ind1="1" ind2=" " tag="362"><subfield code="a">Began Dec. 2, 1993.</subfield></datafield><datafield ind1=" " ind2=" " tag="500"><subfield code="a">Current issue appears online as a unit; searchable database contains [partial?] contents of past issues.</subfield></datafield><datafield ind1=" " ind2=" " tag="530"><subfield code="a">Also issued in print.</subfield></datafield><datafield ind1=" " ind2=" " tag="538"><subfield code="a">Mode of access: World Wide Web.</subfield></datafield><datafield ind1=" " ind2=" " tag="588"><subfield code="a">Description based on: Vol. 13, no. 23 (June 7, 2001), viewed on website June 12, 2015.</subfield></datafield><datafield ind1=" " ind2=" " tag="588"><subfield code="a">Latest issue consulted: Mar. 24, 2011.</subfield></datafield><datafield ind1=" " ind2="0" tag="650"><subfield code="a">Free circulation newspapers and periodicals</subfield><subfield code="z">Texas</subfield><subfield code="z">Houston.</subfield></datafield><datafield ind1=" " ind2="0" tag="650"><subfield code="a">Newspapers.</subfield></datafield><datafield ind1=" " ind2="0" tag="651"><subfield code="a">Houston (Tex.)</subfield><subfield code="x">Civilization</subfield><subfield code="v">Periodicals.</subfield></datafield><datafield ind1=" " ind2="7" tag="650"><subfield code="a">Civilization.</subfield><subfield code="2">fast</subfield><subfield code="0">(OCoLC)fst00862898</subfield></datafield><datafield ind1=" " ind2="7" tag="650"><subfield code="a">Free circulation newspapers and periodicals.</subfield><subfield code="2">fast</subfield><subfield code="0">(OCoLC)fst00933854</subfield></datafield><datafield ind1=" " ind2="7" tag="650"><subfield code="a">Newspapers.</subfield><subfield code="2">fast</subfield><subfield code="0">(OCoLC)fst01037111</subfield></datafield><datafield ind1=" " ind2="7" tag="651"><subfield code="a">Texas</subfield><subfield code="z">Houston.</subfield><subfield code="2">fast</subfield><subfield code="0">(OCoLC)fst01205077</subfield></datafield><datafield ind1=" " ind2="4" tag="650"><subfield code="a">Internet resources.</subfield></datafield><datafield ind1=" " ind2="4" tag="650"><subfield code="a">Electronic journals.</subfield></datafield><datafield ind1=" " ind2="7" tag="655"><subfield code="a">Periodicals.</subfield><subfield code="2">fast</subfield><subfield code="0">(OCoLC)fst01411641</subfield></datafield><datafield ind1=" " ind2=" " tag="752"><subfield code="a">United States</subfield><subfield code="b">Texas</subfield><subfield code="d">Houston.</subfield></datafield><datafield ind1="0" ind2="8" tag="776"><subfield code="i">Print version:</subfield><subfield code="t">Houston press (Houston, Tex. : 1993)</subfield><subfield code="w">(OCoLC)29800759</subfield></datafield><datafield ind1="4" ind2="0" tag="856"><subfield code="u">http://proquest.umi.com/pqdweb?RQT=318&amp;TS=1177184990&amp;clientId=13370&amp;VType=PQD&amp;VName=PQD&amp;VInst=PROD&amp;pmid=58927&amp;PageNum=1</subfield></datafield><datafield ind1="4" ind2="0" tag="856"><subfield code="u">http://WC2VB5MT8E.search.serialssolutions.com/?sid=sersol&amp;SS_jc=JC_000003212&amp;title=Houston+Press</subfield></datafield><datafield ind1="4" ind2=" " tag="856"><subfield code="u">http://www.houstonpress.com/</subfield><subfield code="z">Connect to: Houston press (Online) 1993-</subfield></datafield></record>